@article {MR0286693,
    AUTHOR = {Biggs, N. L. and Smith, D. H.},
     TITLE = {On trivalent graphs},
   JOURNAL = {Bull. London Math. Soc.},
  FJOURNAL = {The Bulletin of the London Mathematical Society},
    VOLUME = {3},
      YEAR = {1971},
     PAGES = {155--158},
      ISSN = {0024-6093},
   MRCLASS = {05.40},
  MRNUMBER = {MR0286693 (44 \#3902)},
MRREVIEWER = {W. T. Tutte},
}
